<?xml version="1.0" encoding="UTF-8"?><record xmlns="http://www.loc.gov/MARC21/slim" xmlns:cinclude="http://apache.org/cocoon/include/1.0" xmlns:zs="http://www.loc.gov/zing/srw/">
  <leader>00427nz  a2200121n  4500</leader>
  <controlfield tag="001">nr 92018283 </controlfield>
  <controlfield tag="003">DLC</controlfield>
  <controlfield tag="005">19920515053615.9</controlfield>
  <controlfield tag="008">920512n| acannaab|          |n aaa     c</controlfield>
  <datafield tag="010" ind1=" " ind2=" ">
    <subfield code="a">nr 92018283 </subfield>
  </datafield>
  <datafield tag="040" ind1=" " ind2=" ">
    <subfield code="a">NjP</subfield>
    <subfield code="c">NjP</subfield>
  </datafield>
  <datafield tag="100" ind1="1" ind2="0">
    <subfield code="a">Ṭahṭāwī, ʻAbd al-Raḥīm ʻAnbar</subfield>
  </datafield>
  <datafield tag="670" ind1=" " ind2=" ">
    <subfield code="a">His Hidāyat al-bārī ilá tartīb aḥādīth al-Bukhārī, 1934 or 1935:</subfield>
    <subfield code="b">t.p. (al-Sīr ʻAbd al-Raḥīm ʻAnbar al-Ṭahṭāwī)</subfield>
  </datafield>
</record>